<?xml version="1.0" encoding="UTF-8"?><collection xmlns="http://www.loc.gov/MARC21/slim"><record><leader>00357nam--2200121-i-4500</leader><controlfield tag="001">000011122</controlfield><controlfield tag="002">20161230</controlfield><controlfield tag="005">20161230201029</controlfield><controlfield tag="008">060222s1000------------r-----000-0-eng-d</controlfield><datafield ind1=" " ind2=" " tag="100"><subfield code="a">Dewitt, D.P.And Touloukian, Y.S</subfield></datafield><datafield ind1=" " ind2=" " tag="245"><subfield code="a">Thermal radiative properties. nonmetallic solids</subfield></datafield><datafield ind1=" " ind2=" " tag="260"><subfield code="a">New York, Ifi/Plenum, 1972</subfield></datafield><datafield ind1=" " ind2=" " tag="490"><subfield code="a">Thermophysical Properties Of Matter</subfield></datafield></record></collection>